<?xml version="1.0" encoding="UTF-8"?><collection xmlns="http://www.loc.gov/MARC21/slim"><record><leader>00316nam--2200121-i-4500</leader><controlfield tag="001">000044587</controlfield><controlfield tag="002">20161230</controlfield><controlfield tag="005">20161230201044</controlfield><controlfield tag="008">060222s1000------------r-----000-0-eng-d</controlfield><datafield ind1=" " ind2=" " tag="080"><subfield code="a">(043)</subfield></datafield><datafield ind1=" " ind2=" " tag="245"><subfield code="a">Theses soutenues devant l`univ.de nancy 1-faculte des sciences</subfield></datafield><datafield ind1=" " ind2=" " tag="260"><subfield code="a">/Nancy, Univ., 1978,/ P.Dif</subfield></datafield><datafield ind1=" " ind2=" " tag="852"><subfield code="a">48497</subfield></datafield></record></collection>